@article{hoare1969axiomatic,
  title={An axiomatic basis for computer programming},
  author={Hoare, Charles Antony Richard},
  journal={Communications of the ACM},
  volume={12},
  number={10},
  pages={576--580},
  year={1969},
  publisher={ACM}
},

@article{rand2015vphl,
  title={V{P}{H}{L}: A verified partial-correctness logic for probabilistic programs},
  author={Rand, Robert and Zdancewic, Steve},
  journal={Electronic Notes in Theoretical Computer Science},
  volume={319},
  pages={351--367},
  year={2015},
  publisher={Elsevier}
},

@online{hartogs2002prob,
  title={A probabilistic Hoare-style logic},
  author={den Hartogs, Jerry},
  year={2002},
  url = {https://www.win.tue.nl/~jhartog/thesis/T-h6.pdf},
  urldate = {2016-10-11}
}